@article{Berkhout14b,
	author = {A[] J[] Berkhout},
	title = {{Review Paper: An outlook on the future of seismic imaging, Part II: Full-Wavefield Migration}},
	journal = {Geoph. Prosp.},
	volume = {62},
	number = {5},
	pages = {931-949},
	year = {2014}
}

@ARTICLE{Davydenko17,
	author = {M[] Davydenko and D[] J[] Verschuur},
	title =  {{Full-Wavefield Migration: using surface and internal multiples in imaging}},
	journal = {Geophys. Prosp.},
	year =  {2017},
	volume = {65},
	number = {1},
	pages = {7-21}
}

@ARTICLE{bagaini,
	author = {Claudio Bagaini and Ernesto Bonomi and Enrico Pieroni},
	title = {{Data parallel implementation of 3D PSPI}},
	booktitle = {SEG Technical Program Expanded Abstracts 1995},
	chapter = {},
	pages = {188-191},
	year = {1995},
	doi = {10.1190/1.1887502},
	URL = {https://library.seg.org/doi/abs/10.1190/1.1887502},
	eprint = {https://library.seg.org/doi/pdf/10.1190/1.1887502}
}

@BOOK{Biondi06,
	author =     {B[] Biondi},
	title =      {{3D Seismic Imaging}},
	year =       {2006},
	publisher =  {SEG Books}
}
